<?xml version="1.0" encoding="UTF-8"?><record xmlns="http://www.loc.gov/MARC21/slim" xmlns:cinclude="http://apache.org/cocoon/include/1.0" xmlns:zs="http://www.loc.gov/zing/srw/">
  <leader>00432cz  a2200145n  4500</leader>
  <controlfield tag="001">n  81131983 </controlfield>
  <controlfield tag="003">DLC</controlfield>
  <controlfield tag="005">20090115075049.0</controlfield>
  <controlfield tag="008">820107n| acannaabn          |n aaa      </controlfield>
  <datafield tag="010" ind1=" " ind2=" ">
    <subfield code="a">n  81131983 </subfield>
  </datafield>
  <datafield tag="035" ind1=" " ind2=" ">
    <subfield code="a">(OCoLC)oca00676858</subfield>
  </datafield>
  <datafield tag="040" ind1=" " ind2=" ">
    <subfield code="a">DLC</subfield>
    <subfield code="b">eng</subfield>
    <subfield code="c">DLC</subfield>
    <subfield code="d">OCoLC</subfield>
  </datafield>
  <datafield tag="100" ind1="1" ind2=" ">
    <subfield code="a">Velek, Josef</subfield>
  </datafield>
  <datafield tag="670" ind1=" " ind2=" ">
    <subfield code="a">Ševčík, J.</subfield>
    <subfield code="b">Perla Antil, 1975.</subfield>
  </datafield>
  <datafield tag="670" ind1=" " ind2=" ">
    <subfield code="a">His Jak jsem bránil přírodou, 1980:</subfield>
    <subfield code="b">t.p. (Josef Velek) cover, p. 4 (b. 1939)</subfield>
  </datafield>
</record>